<?xml version="1.0" encoding="UTF-8"?><collection xmlns="http://www.loc.gov/MARC21/slim"><record><leader>00580nam--2200205-u-4500</leader><controlfield tag="001">000053047</controlfield><controlfield tag="002">20161230</controlfield><controlfield tag="005">20161230201050</controlfield><controlfield tag="008">110104s1000------------r-----000-0-eng-d</controlfield><datafield ind1=" " ind2=" " tag="020"><subfield code="a">0415287707</subfield></datafield><datafield ind1=" " ind2=" " tag="040"><subfield code="a">IFIN-HH</subfield></datafield><datafield ind1=" " ind2=" " tag="080"><subfield code="a">538.945:539.213</subfield></datafield><datafield ind1="1" ind2=" " tag="100"><subfield code="a">Singh, Jai</subfield></datafield><datafield ind1="1" ind2="0" tag="245"><subfield code="a">Advances in amorphous semiconductors</subfield><subfield code="c">Jai singh; koichi shimakawa</subfield></datafield><datafield ind1=" " ind2=" " tag="260"><subfield code="a">NEW YORK</subfield><subfield code="b">Taylor And Francis</subfield><subfield code="c">2003</subfield></datafield><datafield ind1=" " ind2=" " tag="300"><subfield code="a">329P</subfield></datafield><datafield ind1=" " ind2=" " tag="490"><subfield code="a">Advances In Condensed Matter Science</subfield><subfield code="v">Volume Five</subfield></datafield><datafield ind1="1" ind2=" " tag="700"><subfield code="a">Shimakawa, Koichi</subfield></datafield><datafield ind1=" " ind2=" " tag="852"><subfield code="a">81386</subfield><subfield code="c">538.9</subfield></datafield><datafield ind1=" " ind2=" " tag="CAT"><subfield code="a">Sys</subfield><subfield code="c">20110104</subfield><subfield code="h">084636</subfield></datafield></record></collection>